@inproceedings{AHRT14a,
  author =    {Thorsten Arendt and Annegret Habel and Hendrik Radke and Gabriele Taentzer},
  title =     {From Core {OCL} Invariants to Nested Graph Constraints}, 
  booktitle = {ICGT 2014},   
  volume =    {8571},
  series =    {LNCS},
  pages =     {97-112}, 
  publisher = {Springer},
  year =      {2014},
}

@inproceedings{AKRS06a,
  author    = {Carsten Amelunxen and
               Alexander K{\"o}nigs and
               Tobias R{\"o}tschke and
               Andy Sch{\"u}rr},
  title     = {{MOFLON}: A Standard-Compliant Metamodeling Framework with
               Graph Transformations},
  booktitle = {ECMDA-FA 2006},
  volume    = {4066},
  series =    {LNCS},
  publisher = {Springer},
  year      = {2006},
  pages     = {361-375},
}

@inproceedings{CheneyMSG14a,
  author    = {James Cheney and
               James McKinna and
               Perdita Stevens and
               Jeremy Gibbons},
  title     = {Towards a Repository of {Bx} Examples},
  booktitle = {EDBT/ICDT Workshops},
  year      = {2014},
  pages     = {87-91},
  publisher = {CEUR-WS.org},
  volume    = {1133},
}


@inproceedings{Braun-Marschall03a,
  author    = {Peter Braun and
               Frank Marschall},
  title     = {Transforming Object Oriented Models with {BOTL}},
  booktitle = {GT-VMT 2002},
  series	= {ENTCS},
  volume    = {72},
  year      = {2003},
  pages     = {103-117},
  publisher = {Elsevier}, 
}

@inproceedings{Czarnecki-etal09a,
  author    = {Krzysztof Czarnecki and
               J. Nathan Foster and
               Zhenjiang Hu and
               Ralf L{\"a}mmel and
               Andy Sch{\"u}rr and
               James F. Terwilliger},
  title     = {Bidirectional Transformations: A Cross-Discipline Perspective},
  booktitle = {ICMT 2009},
  volume    = {5563},
  series =    {LNCS},
  publisher = {Springer},
  year      = {2009},
  pages     = {260-283},
}

@article{Ghamarian-Mol-Rensink-Zambon-Zimakova12a,
  author    = {Amir Hossein Ghamarian and
               Maarten de Mol and
               Arend Rensink and
               Eduardo Zambon and
               Maria Zimakova},
  title     = {Modelling and analysis using {GROOVE}},
  journal   = {Software Tools for Technology Transfer},
  volume    = {14},
  number    = {1},
  year      = {2012},
  pages     = {15-40},
}

@article{Habel-Pennemann09a,
  author    = {Annegret Habel and Karl-Heinz Pennemann},
  title     = {Correctness of high-level transformation systems relative
               to nested conditions},
  journal   = {Mathematical Structures in Computer Science},
  volume    = {19},
  number    = {2},
  year      = {2009},
  pages     = {245--296},
  ee        = {http://dx.doi.org/10.1017/S0960129508007202}  }

@inproceedings{Habel-Pennemann-Rensink06a,
  author    = {Annegret Habel and Karl-Heinz Pennemann and Arend Rensink},
  title     = {Weakest Preconditions for High-Level Programs},
  booktitle = {ICGT 2006},
  publisher = {Springer},
  series    = {LNCS},
  volume    = {4178},
  year      = {2006},
  pages     = {445--460},
}


@article{JABK08a,
  author    = {Fr{\'e}d{\'e}ric Jouault and
               Freddy Allilaire and
               Jean B{\'e}zivin and
               Ivan Kurtev},
  title     = {{ATL}: A model transformation tool},
  journal   = {Science of Computer Programming},
  volume    = {72},
  number    = {1-2},
  year      = {2008},
  pages     = {31-39},
}

@inproceedings{Kawanaka-Hosoya06a,
  author    = {Shinya Kawanaka and
               Haruo Hosoya},
  title     = {{biXid}: a bidirectional transformation language for {XML}},
  booktitle = {ICFP 2006},
  year      = {2006},
  pages     = {201-214},
  publisher = {ACM},
}

@phdthesis{Kolovos08a,
  author	= {Dimitrios Kolovos},
  title		= {An Extensible Platform for Specification of Integrated Languages for Model Management},
  school	= {The University of York},
  year		= {2008},
}

@article{Kolovos-PPR07a,
  author    = {Dimitrios S. Kolovos and
               Richard F. Paige and
               Fiona A. C. Polack and
               Louis M. Rose},
  title     = {Update Transformations in the Small with the {Epsilon Wizard
               Language}},
  journal   = {Journal of Object Technology},
  volume    = {6},
  number    = {9},
  year      = {2007},
  pages     = {53-69},
}

@inproceedings{Kolovos-Paige-Polack08a,
  author    = {Dimitrios S. Kolovos and
               Richard F. Paige and
               Fiona A. C. Polack},
  title     = {The {Epsilon} Transformation Language},
  booktitle = {ICMT 2008},
  volume    = {5063},
  series =    {LNCS},
  publisher = {Springer},
  year      = {2008},
  pages     = {46-60},
}

@inproceedings{Kolovos-Paige-Polack09a,
  author    = {Dimitrios S. Kolovos and
               Richard F. Paige and
               Fiona A. C. Polack},
  title     = {On the Evolution of {OCL} for Capturing Structural Constraints
               in Modelling Languages},
  booktitle = {Rigorous Methods for Software Construction and Analysis},
  volume    = {5115},
  series =    {LNCS},
  publisher = {Springer},
  year      = {2009},
  pages     = {204-218},
}

@inproceedings{Macedo-Cunha13a,
  author    = {Nuno Macedo and
               Alcino Cunha},
  title     = {Implementing {QVT-R} Bidirectional Model Transformations Using
               {Alloy}},
  booktitle = {FASE 2013},
  volume    = {7793},
  series =    {LNCS},
  publisher = {Springer},
  year      = {2013},
  pages     = {297-311},
}

@inproceedings{Paige-KRDP09a,
  author    = {Richard F. Paige and
               Dimitrios S. Kolovos and
               Louis M. Rose and
               Nikolaos Drivalos and
               Fiona A. C. Polack},
  title     = {The Design of a Conceptual Framework and Technical Infrastructure
               for Model Management Language Engineering},
  booktitle = {ICECCS 2009},
  publisher = {IEEE Computer Society},
  year      = {2009},
  pages     = {162-171},

}

@phdthesis{Pennemann09a,
author = {Karl-Heinz Pennemann},
school = {Universit\"at Oldenburg},
title = {{Development of Correct Graph Transformation Systems}},
year = {2009},
type = {Doctoral dissertation},
  }

@inproceedings{Plump12a,
  author =       {Detlef Plump},
  title =        {The Design of {GP 2}},
  booktitle =    {WRS 2011},
  series =       {EPTCS},
  volume =       {82},
  pages =        {1--16},
  year =         {2012},
  doi =          {10.4204/EPTCS.82.1},
  pdf =          {http://www.cs.york.ac.uk/plasma/publications/pdf/Plump.WRS.11.pdf}  }

@phdthesis{Poskitt13a,
  author = {Christopher M. Poskitt},
  title = {Verification of Graph Programs},
  school = {The University of York},
  year = {2013},
}

@article{Poskitt-Plump12a,
  author =    {Christopher M. Poskitt and Detlef Plump},
  title =     {{Hoare}-Style Verification of Graph Programs}, 
  journal =   {Fundamenta Informaticae},   
  volume =    {118},  
  number =    {1-2},
  pages =     {135--175},
  publisher = {IOS Press}, 
  year =      {2012},
  doi =       {10.3233/FI-2012-708},
}

@inproceedings{Poskitt-Plump14a,
  author =    {Christopher M. Poskitt and Detlef Plump},
  title =     {Verifying Monadic Second-Order Properties of Graph Programs}, 
  booktitle = {ICGT 2014},   
  volume =    {8571},
  series =    {LNCS},
  pages =     {33-48},
  publisher = {Springer},
  year =      {2014},
}

@inproceedings{Stevens07a,
  author    = {Perdita Stevens},
  title     = {A Landscape of Bidirectional Model Transformations},
  booktitle = {GTTSE 2007},
  volume    = {5235},
  series	= {LNCS},
  publisher = {Springer},
  year      = {2007},
  pages     = {408-424},
}

@article{Stevens10a,
  author    = {Perdita Stevens},
  title     = {Bidirectional model transformations in {QVT}: semantic issues
               and open questions},
  journal   = {Software and System Modeling},
  volume    = {9},
  number    = {1},
  year      = {2010},
  pages     = {7-20},
}
